<?xml version="1.0" encoding="UTF-8"?><collection xmlns="http://www.loc.gov/MARC21/slim"><record><leader>00368nam--2200121-i-4500</leader><controlfield tag="001">000035435</controlfield><controlfield tag="002">20161230</controlfield><controlfield tag="005">20161230201040</controlfield><controlfield tag="008">060222s1000------------r-----000-0-eng-d</controlfield><datafield ind1=" " ind2=" " tag="080"><subfield code="a">523.7</subfield></datafield><datafield ind1=" " ind2=" " tag="245"><subfield code="a">Observaciones solares. international quiet sun years. (iqsy). (1964-1965). informe anual</subfield></datafield><datafield ind1=" " ind2=" " tag="260"><subfield code="a">San Miguel, Observatorio De Fisica Cosmica, 1964, 76p</subfield></datafield><datafield ind1=" " ind2=" " tag="852"><subfield code="a">25641</subfield></datafield></record></collection>